@article{bergstra2012random,
  title={Random search for hyper-parameter optimization},
  author={Bergstra, James and Bengio, Yoshua},
  journal={Journal of Machine Learning Research},
  volume={13},
  number={Feb},
  pages={281--305},
  year={2012}
}

@inproceedings{juan2016field,
  title={Field-aware factorization machines for CTR prediction},
  author={Juan, Yuchin and Zhuang, Yong and Chin, Wei-Sheng and Lin, Chih-Jen},
  booktitle={Proceedings of the 10th ACM Conference on Recommender Systems},
  pages={43--50},
  year={2016},
  organization={ACM}
}
@article{citeulike:13776474,
    author = {Karpathy, Andrej},
    keywords = {deep\_learning\_architectures, multilayer\_networks, networks, neural, tutorials},
    posted-at = {2015-09-27 23:58:47},
    priority = {2},
    title = {{Stanford University CS231n: Convolutional Neural Networks for Visual Recognition}},
    url = {https://cs231n.github.io/neural-networks-3/}
}

@inbook{Olson2016EvoBio,
    author={Olson, Randal S. and Urbanowicz, Ryan J. and Andrews, Peter C. and Lavender, Nicole A. and Kidd, La Creis and Moore, Jason H.},
    editor={Squillero, Giovanni and Burelli, Paolo},
    chapter={Automating Biomedical Data Science Through Tree-Based Pipeline Optimization},
    title={Applications of Evolutionary Computation: 19th European Conference, EvoApplications 2016, Porto, Portugal, March 30 -- April 1, 2016, Proceedings, Part I},
    year={2016},
    publisher={Springer International Publishing},
    pages={123--137},
    isbn={978-3-319-31204-0},
    doi={10.1007/978-3-319-31204-0_9},
    url={http://dx.doi.org/10.1007/978-3-319-31204-0_9}
}
@inproceedings{ramos2003using,
  title={Using tf-idf to determine word relevance in document queries},
  author={Ramos, Juan and others},
  booktitle={Proceedings of the first instructional conference on machine learning},
  volume={242},
  pages={133--142},
  year={2003}
}
@article{salton1988term,
  title={Term-weighting approaches in automatic text retrieval},
  author={Salton, Gerard and Buckley, Christopher},
  journal={Information processing \& management},
  volume={24},
  number={5},
  pages={513--523},
  year={1988},
  publisher={Elsevier}
}
@article{robertson2004understanding,
  title={Understanding inverse document frequency: on theoretical arguments for IDF},
  author={Robertson, Stephen},
  journal={Journal of documentation},
  volume={60},
  number={5},
  pages={503--520},
  year={2004},
  publisher={Emerald Group Publishing Limited}
}
@inproceedings{tokunaga1994text,
  title={Text categorization based on weighted inverse document frequency},
  author={Tokunaga, Takenobu and Makoto, Iwayama},
  booktitle={Special Interest Groups and Information Process Society of Japan (SIG-IPSJ},
  year={1994},
  organization={Citeseer}
}
@article{porter1980algorithm,
  title={An algorithm for suffix stripping},
  author={Porter, Martin F},
  journal={Program},
  volume={14},
  number={3},
  pages={130--137},
  year={1980},
  publisher={MCB UP Ltd}
}
@article{bojanowski2016enriching,
  title={Enriching word vectors with subword information},
  author={Bojanowski, Piotr and Grave, Edouard and Joulin, Armand and Mikolov, Tomas},
  journal={arXiv preprint arXiv:1607.04606},
  year={2016}
}
@inproceedings{cheng2016wide,
  title={Wide \& deep learning for recommender systems},
  author={Cheng, Heng-Tze and Koc, Levent and Harmsen, Jeremiah and Shaked, Tal and Chandra, Tushar and Aradhye, Hrishi and Anderson, Glen and Corrado, Greg and Chai, Wei and Ispir, Mustafa and others},
  booktitle={Proceedings of the 1st Workshop on Deep Learning for Recommender Systems},
  pages={7--10},
  year={2016},
  organization={ACM}
}
@inproceedings{chen2016xgboost,
  title={Xgboost: A scalable tree boosting system},
  author={Chen, Tianqi and Guestrin, Carlos},
  booktitle={Proceedings of the 22nd acm sigkdd international conference on knowledge discovery and data mining},
  pages={785--794},
  year={2016},
  organization={ACM}
}
@article{gunes2017stacking,
  title={Stacked Ensemble Models for Improved Prediction Accuracy},
  author={Funda Güneş, Russ Wolfinger, and Pei-Yi Tan},
  year={2017},
  journal={Paper SAS-2017},
  organization={SAS Institute Inc.}
}
@misc{stack2017,
  title = {Stacking models for improved predictions},
  howpublished = {\url{https://burakhimmetoglu.com/2016/12/01/stacking-models-for-improved-predictions/}},
  note = {Accessed: 2017-02-12}
}